% Bibliography

% Fields guide
% ============
% urldate:  date the url was last accessed.
% date:     date the entry was published (/edited)

% Entries
% =======
@online{pcubed,
    author = "Groupprops",
    title = "Classification of groups of prime-cube order",
    date = "2016-02-24",
    url = "
           https://groupprops.subwiki.org/wiki/Classification_of_groups_of_prime-cube_order
           ",
    urldate = "2023-02-23",
},

@online{unitriangular,
    author = "Groupprops",
    title = "Unitriangular matrix group:UT(3,p)",
    date = "2014-08-22",
    url = " https://groupprops.subwiki.org/wiki/Unitriangular_matrix_group:UT(3,
           p) ",
    urldate = "2023-02-23",
},

@online{dicyclic,
    author = "Groupprops",
    title = "Dicyclic Groups",
    date = "2017-10-21",
    url = "https://groupprops.subwiki.org/wiki/Dicyclic_group",
    urldate = "2023-01-19",
},

@online{order24,
    author = "Richard E. Borcherds",
    title = "Group theory 21: Groups of order 24",
    date = "2020-06-30",
    url = "https://www.youtube.com/watch?v=6TWuo2NO8vg",
    urldate = "2023-02-09",
},

@online{order30,
    author = "{Stack Exchange (user azimut)}",
    title = "Classification of groups of order 30 (duplicate)",
    date = "2020-12-10",
    url = "
           https://math.stackexchange.com/questions/569226/classification-of-groups-of-order-30
           ",
    urldate = "2023-01-24",
},
